<?xml version="1.0" encoding="UTF-8"?><record xmlns="http://www.loc.gov/MARC21/slim" xmlns:cinclude="http://apache.org/cocoon/include/1.0" xmlns:zs="http://www.loc.gov/zing/srw/">
  <leader>00535nz  a2200145n  4500</leader>
  <controlfield tag="001">n 2012024923</controlfield>
  <controlfield tag="003">DLC</controlfield>
  <controlfield tag="005">20120417074833.0</controlfield>
  <controlfield tag="008">120416n| acannaabn          |b aaa      </controlfield>
  <datafield tag="010" ind1=" " ind2=" ">
    <subfield code="a">n 2012024923</subfield>
  </datafield>
  <datafield tag="040" ind1=" " ind2=" ">
    <subfield code="a">DLC</subfield>
    <subfield code="b">eng</subfield>
    <subfield code="c">DLC</subfield>
  </datafield>
  <datafield tag="100" ind1="1" ind2=" ">
    <subfield code="a">Kanaya, Yūgō</subfield>
  </datafield>
  <datafield tag="400" ind1="1" ind2=" ">
    <subfield code="a">金谷有剛</subfield>
  </datafield>
  <datafield tag="667" ind1=" " ind2=" ">
    <subfield code="a">Non-Latin script reference not evaluated</subfield>
  </datafield>
  <datafield tag="670" ind1=" " ind2=" ">
    <subfield code="a">Chijō kara no bunkōhō ni yoru tairyūkenchū no gasu earozoru dōji rittai kansokumō no kōchiku, 2011:</subfield>
    <subfield code="b">t.p. (金谷有剛 = Kanaya Yūgō; w. Kaiyō Kenkyū Kaihatsu Kikō)</subfield>
  </datafield>
</record>